@article{Broodryk:2025:LBR,
  author    = {Adele Broodryk and Filip Skala and Retief Broodryk},
  title     = {Light-Based Reaction Speed Does Not Predict Field-Based Reactive Agility in Soccer Players},
  journal   = {Journal of Functional Morphology and Kinesiology},
  volume    = {10},
  number    = {3},
  year      = {2025},
  url       = {https://www.mdpi.com/2411-5142/10/3/239},
  pubmedid  = {40700175},
  issn      = {2411-5142},
  doi       = {10.3390/jfmk10030239}
}


@article{Cekok:2025:EBV,
  author    = {Çekok, Fatma Kübra and Anaforoğlu, Bahar},
  title     = {Effects of balance‐based visual reaction time exercises on cognitive and physical performance in older adults: A randomized controlled trial},
  journal   = {Scientific Reports},
  year      = {2025},
  volume    = {15},
  pages     = {34299},
  doi       = {10.1038/s41598-025-20418-7},
}


@article{Chow:2022:RTP,
  author    = {Chow, Chi-Ching Gary and Kong, Yu-Hin and Wong, Chi-Ling},
  title     = {Reactive-agility in touch plays an important role in elite playing level: Reliability and validity of a newly developed repeated up-and-down agility test},
  journal   = {Journal of Sports Science and Medicine},
  year      = {2022},
  volume    = {21},
  pages     = {413--418},
  doi       = {10.52082/jssm.2022.413},
}


@conference{Ezhov:2021:MLS,
  author        = {Anton Ezhov and Anna Zakharova and Dmitriy Kachalov},
  title         = {Modern Light Sport Training Systems: Critical Analysis of Their Construction and Performance Features},
  booktitle     = {Proceedings of the 9th International Conference on Sport Sciences Research and Technology Support - icSPORTS},
  year          = {2021},
  pages         = {123-129},
  publisher     = {SciTePress},
  organization  = {INSTICC},
  doi           = {10.5220/0010677900003059},
  isbn          = {978-989-758-539-5},
  issn          = {2184-3201},
}


